@Article{tsai:09,
  author = {C-F. Tsai and Y-H. LU},
  title = {Customer churn prediction by hybrid neural networks},
  journal = {Expert Systems with Applications},
  pages = {12547--12553},
  publisher = {Elsevier},
  year = {2009}
}

@Article{amin:18,
  author = {A. Amin and B. Shah and A. M. Khattak and F. J. L. Moreira and G. Ali and A. Rocha and S. Anwar},
  title = {Cross-company customer churn prediction in telecommunication: A comparison of data transformation methods},
  journal = {International Journal of Information Management},
  publisher = {Elsevier},
  year = {2018}
}

@Article{coussement:08,
  author = {K. Coussement and D. V. deen Poel},
  title = {Churn prediction in subscription services: An applicationof support vector machines while comparing twoparameter-selection techniques},
  journal = {Expert Systems with Applications},
  pages = {313--327},
  publisher = {Elsevier},
  year = {2008},
  volume = {34}
}

@Article{almeida:17,
  author = {G. R. T de Almeida and D. R. Cirqueira and F. M. F. Lobato},
  title = {Improving Social CRM through eletronic word-of-mouth: a case study of ReclameAqui},
  journal = {Anais do XXIII Simpósio Brasileiro de Sistemas Multimídia e Web: Workshops e Pôsteres},
  publisher = {Sociedade Brasileira de Computação},
  year = {2017}
}

@Article{malheiros:13,
  author = {Y. Malheiros and G. Lima},
  title = {Uma Ferramenta para Análise de Sentimentos em Redes Sociais Utilizando o SenticNet},
  journal = {Anais do IX Simpósio Brasileiro de Sistemas de Informação},
  publisher = {Sociedade Brasileira de Computação},
  year = {2013},
  pages = {517--522}
}

@Article{bengio:13,
  author = {Y. Bengio and A. Courville and P. Vincent},
  title = {Representation Learning:A Review and New Perspectives},
  journal = {IEEE TRANSACTIONS ON PATTERN ANALYSIS AND MACHINE INTELLIGENCE},
  publisher = {Sociedade Brasileira de Computação},
  year = {2013},
  volume = {35},
  pages = {1798--1828}
}

@Article{hadden:06,
  author = {J. Hadden and A. Tiwar and R. Roy and D. Ruta},
  title = {Churn Prediction using Complaints Data},
  journal = {PROCEEDINGS OF WORLD ACADEMY OF SCIENCE, ENGINEERING AND TECHNOLOGY},
  year = {2006},
  volume = {13},
  pages = {158--163}
}

@Article{liu:17,
  author = {J. Liu and W-C. Chang and Y. Wu and Y. Yang},
  title = {Deep Learning for Extreme Multi-label Text Classification},
  year = {2017},
  month = {08},
  pages = {115-124}
}

@Article{dias:06,
  author = {M. A. L. Dias and M. de G. Malheiros},
  title = {Automatic Extraction of Keywords for the Portuguese Language},
  year = {2006},
  pages = {204-207}
}

@Article{mendez:06,
  author = {J. R. Méndez and E. L. Iglesias and F. Fdez-Riverola and F. Díaz and J. M. Corchado},
  title = {Tokenising, Stemming and Stopword Removal on Anti-spam Filtering Domain},
  year = {2006},
  pages = {449-458}
}

@Article{liu:10,
  author = {B. Liu},
  title = {Sentiment Analysis and Subjectivity},
  journal = {PROCEEDINGSHandbook of Natural Language Processing},
  volume = {02},
  editors = {N. Indurkhya and F. J. Damerau},
  year = {2010}
}

@Article{klopotek:03,
  author = {M. A. Klopotek and M. Woch},
  title = {Very Large Bayesian Networks in Text Classification},
  pages = {396--406},
  year = {2003}
}

@Article{ikonomakis:05,
  author = {M. Ikonomakis and S. Kotsiantis and V. Tampakas},
  title = {Text Classification Using Machine Learning Techniques},
  journal = {WSEAS TRANSACTIONS on COMPUTERS},
  pages = {966--974},
  year = {2005},
  volume = {04}
}

@Article{zhang:05,
  author = {Y-T. Zhang and L. Gong and Y-C. Wang},
  title = {An improved TF-IDF approach for text classification},
  journal = {Journal of Zhejiang University SCIENCE},
  pages = {49--55},
  year = {2005}
}

@Article{zhang:11,
  author = {W. Zhang and T. Yoshida and X. Tang},
  title = {A comparative study of TFIDF, LSI and multi-words for text classification},
  journal = {Expert Systems with Applications},
  volume = {38},
  pages = {2758--2765},
  year = {2011}
}

@Article{robertson:06,
  author = {S. Robertson},
  title = {Understanding Inverse Document Frequency: On theoretical arguments for IDF},
  journal = {Journal of Documentation},
  volume = {60},
  pages = {503--520},
  year = {2006}
}

@Article{jones:72,
  author = {K. S. Jones},
  title = {A statistical interpretation of term specificity and its applicationin retrieval},
  journal = {Journal of Documentation},
  volume = {28},
  pages = {11--21},
  year = {1972}
}

@Article{carrio:17,
  author = {A. Carrio and C. Sampedro and A. Rodriguez-Ramos and P. Campoy},
  title = {A Review of Deep Learning Methods and Applications for Unmanned Aerial Vehicles},
  journal = {Journal of Sensors},
  volume = {2017},
  editor = {Vera Tyrsa},
  year = {2017}
}

@Book{deng:13,
  author = {L. Deng and D. Yu},
  title = {Deep Learning: Methods and Applications},
  pages = {197--387},
  volume = {07},
  year = {2013}
}

@Article{zhou:15,
  author = {C. Zhou and C. Sun and Z. Liu and F. C. M. Lau},
  title = {A C-LSTM Neural Network for Text Classification},
  year = {2015}
}

@Article{hassan:17,
  author = {A. Hassan and A. Mahmood},
  title = {Deep Learning Approach for Sentiment Analysis of Short Texts},
  journal = {2017 3rd International Conference on Control, Automation and Robotics (ICCAR)},
  publisher = {IEEE},
  year = {2017}
}

@misc{chollet2015keras,
  title={Keras},
  author={Chollet, Fran\c{c}ois and others},
  year={2015},
  howpublished={\url{https://keras.io}},
}

@Article{hawkins:04,
  author = {D. M. Hawkins},
  title = {The Problem of Overfitting},
  journal = {Journal of chemical information and computer},
  volume = {44},
  pages = {1--12},
  year = {2004}
}

@Article{wang:18,
  author = {S. Wang and Z. Li and C. Ding and B. Yuan and Q. Qiu and Y. Wang and W. Liang},
  title = {C-LSTM: Enabling Efficient LSTM using Structured Compression Techniques on FPGAs},
  journal = {FPGA '18: Proceedings of the 2018 ACM/SIGDA International Symposium on Field-Programmable Gate Arrays},
  pages = {11--20},
  year = {2018}
}

@Article{stollenga:15,
  author = {M. F. Stollenga and W. Byeon and M. Liwicki and J. Schmidhuber},
  title = {Parallel Multi-Dimensional LSTM, With Application to Fast Biomedical Volumetric Image Segmentation},
  journal = {Advances in Neural Information Processing Systems 28},
  volume = {28},
  pages = {11--20},
  year = {2015}
}

@Article{arbelle:19,
  author = {A. Arbelle and T. R. Raviv},
  title = {MICROSCOPY CELL SEGMENTATION VIA CONVOLUTIONAL LSTM NETWORKS},
  journal = {2019 IEEE 16th International Symposium on Biomedical Imaging (ISBI 2019)},
  publisher = {IEEE},
  pages = {1008--1012},
  year = {2019}
}



